@FOOTNOTE{Note1,key="Note1",note="Since the value of the mean free path is set a constant for a given temperature in the pioneer paper, we use 490nm for 77K and "}
